<?xml version="1.0" encoding="UTF-8"?><collection xmlns="http://www.loc.gov/MARC21/slim"><record><leader>00389nam--2200133-i-4500</leader><controlfield tag="001">000042471</controlfield><controlfield tag="002">20161230</controlfield><controlfield tag="005">20161230201043</controlfield><controlfield tag="008">060222s1000------------r-----000-0-eng-d</controlfield><datafield ind1=" " ind2=" " tag="080"><subfield code="a">666.1.056.5(043)</subfield></datafield><datafield ind1=" " ind2=" " tag="100"><subfield code="a">Sperl,Wolfgang</subfield></datafield><datafield ind1=" " ind2=" " tag="245"><subfield code="a">Neutron und rontgenbeugungsunterschungen and den metallischen.</subfield></datafield><datafield ind1=" " ind2=" " tag="260"><subfield code="a">Stuttgart, Max-planck Inst Fur Metallforschung, 1982. 95 P</subfield></datafield><datafield ind1=" " ind2=" " tag="852"><subfield code="a">70900</subfield></datafield></record></collection>